@online{ValuelineOverview,
    author  = {Value Line Research Department},
    title   = {Industry Overview: Computer Software and Services},
    url     = {\url{http://www.valueline.com/Stocks/Industries/Industry_Overview__Computer_Software_and_Services.aspx}}
}

@book{buxmann2012software,
    title     = {The software industry: economic principles, strategies,   perspectives},
    author    = {Buxmann, Peter and Diefenbach, Heiner and Hess, Thomas},
    year      = {2012},
    publisher = {Springer Science \& Business Media}
}

@report{SoftwarePublishing2016,
    title     = {Software Publishing Industry},
    Publisher = {Woolwich, Maine: Barnes Reports},
    year      = {2015},
    series    = {U.S. Capital \& Expenses Outlook}
}

@report{SurveysSoftware2015,
    title     = {Industry Surveys Software},
    author    = {Kessler, Scott},
    year      = {2015},
    publisher = {McGraw Hill Financial}
}

@article{KernelDevelopment2015,
    title     = {Where 4.3 came from},
    author    = {Corbet, Jonathan},
    journal   = {LWN.net},
    date      = {2015-10-27}
}

@article{AftermathOfIntegratedStack,
    title     = {The Aftermath of the Integrated Enterprise Software Stack},
    author    = {Williams, Richard},
    journal   = {Wall Street Transcript},
    date      = {2010-10-18}
}

@article{OptimismInnovation,
    title     = {Optimism and Innovation Lead Enterprise Software},
    author    = {Maguire, Edward},
    journal   = {Wall Street Transcript},
    date      = {2010-10-18}
}

@article{GrowthTrendsSoftwareService,
    title     = {Growth Trends in the Software-as-a-Service Space},
    author    = {Dunham, Gregory},
    journal   = {Wall Street Transcript},
    date      = {2010-12-06}
}

@article{TransitionPhaseEnterpriseApplication,
    title     = {Transition Phase Drives Enterprise Application Software Growth},
    author    = {Zukin, Alex},
    journal   = {Wall Street Transcript},
    date      = {2013-11-11}
}

@article{LargeParadigmShiftCloudComputing,
    title     = {Large Paradigm Shifts in Software Within Cloud Computing and Data Centers},
    author    = {Hedberg, Matt},
    journal   = {Wall Street Transcript},
    date      = {2014-06-09}
}

@article{CloudAnalyticsCybersecurityApplication,
    title     = {Playing the Cloud-Based Software, Big Data Analytics and Cybersecurity Themes of Application Software},
    author    = {Samana, Samad},
    journal   = {Wall Street Transcript},
    date      = {2014-11-10}
}

@article{NextGenBusinessSoftware,
    title     = {Next Generation of Business Software Focuses on Effectiveness Over Efficiency},
    author    = {Rizzuto, John},
    journal   = {Wall Street Transcript},
    date      = {2015-11-09}
}

@article{HorizontalPlaysTechnology,
    title     = {Identifying Horizontal Plays with Technology Moats in Application Software},
    author    = {Suri, Bhavan},
    journal   = {Wall Street Transcript},
    date      = {2015-11-09}
}

@article{MSRHTDeal,
    title     = {Microsoft and Red Hat Reach Linux Deal},
    author    = {Clark, Don},
    journal   = {The Wall Street Journal},
    date      = {2015-11-04}
}

@article{ceccagnoli2007appropriability,
    title     = {Appropriability, preemption, and firm performance},
    author    = {Ceccagnoli, Marco},
    journal   = {Strategic Management Journal},
    year      = {2007}
}

@misc{CIOIntro,
    title     = {CIOs in the Lead},
    journal   = {The Economist Intelligence Unit},
    url       = {\url{http://ciosinthelead.eiu.com}},
    urldate   = {2015-12-19},
    note      = {An Economist Intelligence Unite e-book, sponsered by NetApp}
}

@article{GoogleCloudBoost,
    title     = {The Cloud Give Google (Alphabet) its Latest Boost},
    journal   = {The Wall Street Journal},
    author    = {Farrell, Maureen},
    date      = {2015-11-20}
}

@article{OracleRebuilt,
    title     = {Oracle has Rebuilt Almost 100\% of Portfolio for Cloud, Says Co-CEO Hurd},
    journal   = {The Wall Street Journal},
    author    = {King, Racheal},
    date      = {2015-10-26}
}

@article{AmazonDouble,
    title     = {How Quickly Can Amazon Shares Double Again},
    journal   = {The Wall Street Journal},
    author    = {Vigna, Paul},
    date      = {2015-12-15}
}

@article{AmazonProfit,
    title     = {Amazon's Big, Profitable Future May Finally be Approaching -- Citi},
    journal   = {The Wall Street Journal},
    author    = {Vigna, Paul},
    date      = {2015-12-07}
}

@article{TerroristData,
    title     = {The Terrorist in the Data},
    journal   = {The Economist},
    date      = {2015-11-28}
}

@article{OffMyCloud,
    title     = {Get off of my Cloud},
    journal   = {The Economist},
    date      = {2015-10-10}
}

@article{finkle2012larry,
    title     = {Larry Ellison and Oracle Corporation},
    author    = {Finkle, Todd A and Scoresby, Richard B},
    journal   = {Journal of the International Academy for Case Studies},
    volume    = {18},
    number    = {7},
    pages     = {111-125},
    year      = {2012},
    publisher = {The DreamCatchers Group, LLC}
}

@misc{GNUManifesto,
    title     = {The GNU Manifesto},
    author    = {Stallman, Richard M.}
}

@article{OracleCloudNotAWS,
    title     = {Oracle Will Not Build a Giant Cloud System Like A.W.S.},
    journal   = {The New York Times},
    author    = {Hardy, Quentin},
    date      = {2015-10-27}
}

@article{Vokswagen,
    title     = {Vokswagen's Softwrae Was `Illegal Defeat Device' German Regulator Says},
    journal   = {The New York Times},
    author    = {Hakim, Danny and Ewing, Jack},
    date      = {2015-12-01}
}

@article{HeatsUpSurveillance,
    title     = {Battle Heats Up Over Exports of Surveillance Technology},
    journal   = {The New York Times},
    author    = {Risen, James},
    date      = {2015-10-31}
}

